%1
@book{kimball2013data,
  title={The Data Warehouse Toolkit: The Definitive Guide to Dimensional Modeling},
  author={Kimball, Ralph and Ross, Margy},
  year={2013},
  publisher={Wiley}
}

@misc{gartner2019magic,
  title={Magic Quadrant for Data Management Solutions for Analytics},
  author={Gartner},
  year={2019},
  publisher={Gartner}
}

@inproceedings{bruns2015use,
  title={The use of Twitter hashtags in the formation of ad hoc publics},
  author={Bruns, Axel and Burgess, Jean E},
  booktitle={Proceedings of the 26th Australian Conference on Computer-Human Interaction},
  pages={448--451},
  year={2015},
  organization={ACM}
}

@misc{Statista2021,
    title={Distribution of Instagram users in the United States as of August 2019, by age group},
    author={Statista},
    year={2021},
    url={https://www.statista.com/statistics/248769/age-distribution-of-us-instagram-users/},
    note={Accessed on April 5, 2023}
}

@misc{shmalex-instagram-dataset,
    title={Instagram Dataset},
    author={Shmalex},
    year={2023},
    publisher={Kaggle},
    howpublished={\url{https://www.kaggle.com/datasets/shmalex/instagram-dataset?select=instagram_locations.csv}},
    note={Accessed on April 5, 2023}
}

@online{Janakiram:2019,
  author = {Janakiram, MSV},
  title = {How Instagram Uses Kubernetes To Manage Its Containerized Infrastructure},
  year = {2019},
  url = {https://www.forbes.com/sites/janakirammsv/2019/06/27/how-instagram-uses-kubernetes-to-manage-its-containerized-infrastructure/?sh=142ebc134891},
  urldate = {2023-04-06}
}


@inproceedings{alizadeh2018chameleon,
  title={Chameleon: scalable and programmable virtual networks for large-scale distributed systems},
  author={Alizadeh, Mohammad and Ammons, Glenn and Jahanian, Farnam and Katti, Sachin and Prabhakar, Balaji and Rexford, Jennifer and Walker, David},
  booktitle={ACM SIGCOMM Conference on Data Communication (SIGCOMM)},
  year={2018},
  month={August},
  pages={126--139},
  address={Budapest, Hungary}
}
